% 07_article
@incollection{RM_magdalena,
  title={Extrusion Cooking and expansion},
  author={Kristiawan, Magdalena and Chaunier, Laurent and Sandoval, Aleida J and Della Valle, Guy},
  booktitle={Breakfast cereals and how they are made},
  pages={141--167},
  year={2020},
  publisher={Elsevier}
}

% 06_article
@incollection{06_article,
  title={Extrusion processing of biomass by-products for sustainable food production},
  author={Pennells, Jordan and Bless, Ishka and Juliano, Pablo and Ying, Danyang},
  booktitle={From Biomass to Biobased Products},
  year={2023},
  publisher={IntechOpen}
}

% 01_article
@article{01_article,
  title={Oat milk analogue versus traditional milk: Comprehensive evaluation of scientific evidence for processing techniques and health effects},
  author={Yu, Yonghui and Li, Xinping and Zhang, Jingjie and Li, Xiao and Wang, Jing and Sun, Baoguo},
  journal={Food chemistry: X},
  volume={19},
  pages={100859},
  year={2023},
  publisher={Elsevier}
}

% 03_article
@article{03_article,
  title={Composition of the protein ingredients from insoluble oat byproducts treated with food-grade enzymes, such as amylase, cellulose/xylanase, and protease},
  author={Aiello, Gilda and Li, Yuchen and Xu, Ruoxian and Boschin, Giovanna and Juodeikiene, Grazina and Arnoldi, Anna},
  journal={Foods},
  volume={10},
  number={11},
  pages={2695},
  year={2021},
  publisher={MDPI}
}

% 05_article
@article{05_article,
  title={Oat Milk By-Product: A Review of Nutrition, Processing and Applications of Oat Pulp},
  author={Le, Minh Son and Hermansen, Christian and Vuong, Quan V},
  journal={Food Reviews International},
  pages={1--38},
  year={2025},
  publisher={Taylor \& Francis}
}

% 02_article
@article{02_article,
  title={Development of protein-enriched biscuit based on oat-milk byproduct fortified with chickpea flour},
  author={Wang, Aili and Zhu, Yeyuan and Zou, Liang and Zhao, Gang and Wu, Jian},
  journal={Lwt},
  volume={177},
  pages={114594},
  year={2023},
  publisher={Elsevier}
}

% 04_article
@book{04_article,
  title={Breakfast cereals and how they are made: raw materials, processing, and production},
  author={Perdon, Alicia A and Schonauer, Sylvia L and Poutanen, Kaisa},
  year={2020},
  publisher={Elsevier}
}
