% 01 RM for Basic Knowledge Recap
@book{BKR_01,
  title={Introduction to Food Chemistry},
  author={Owusu-Apenten, Richard},
  year={2004},
  publisher={CRC Press},
  address={Boca Raton, FL}
}