% 01_article - Åkerstedt
@article{01_Åkerstedt, title={Protein degradation in bovine milk caused by Streptococcus agalactiae}, volume={79}, DOI={10.1017/S0022029912000301}, number={3}, journal={Journal of Dairy Research}, author={Åkerstedt, Maria and Wredle, Ewa and Lam, Vo and Johansson, Monika}, year={2012}, pages={297–303}} <div></div>